@incollection{hartmannSpatialPresenceTheory2015,
  title = {Spatial {{Presence Theory}}: {{State}} of the {{Art}} and {{Challenges Ahead}}},
  shorttitle = {Spatial {{Presence Theory}}},
  booktitle = {Immersed in {{Media}}: {{Telepresence Theory}}, {{Measurement}} \& {{Technology}}},
  author = {Hartmann, Tilo and Wirth, Werner and Vorderer, Peter and Klimmt, Christoph and Schramm, Holger and Böcking, Saskia},
  editor = {Lombard, Matthew and Biocca, Frank and Freeman, Jonathan and IJsselsteijn, Wijnand and Schaevitz, Rachel J.},
  date = {2015},
  year = {2015},
  pages = {115--135},
  publisher = {Springer International Publishing},
  location = {Cham},
  doi = {10.1007/978-3-319-10190-3_7},
  url = {https://doi.org/10.1007/978-3-319-10190-3_7},
  urldate = {2025-03-20},
  abstract = {Throughout the last decades, research has generated a substantial body of theory about Spatial Presence experiences. This chapter reviews some of the most important existing theoretical explications. First, building on notions offered in literature, the core of the construct will be explicated: what exactly is meant by the term “Spatial Presence”? Second, theoretical views on the “feeling of being there” provided by different Presence researchers are introduced. Important aspects and determinants of Spatial Presence have been highlighted in the past, such as attentional processes and embodied cognition. However, coherent theoretical frameworks are rare and more empirical research seems necessary to advance the theoretical understanding of Spatial Presence. The chapter concludes with an overview about recent controversies and future trends in Spatial Presence research.},
  isbn = {978-3-319-10190-3},
  langid = {english},
  annotation = {titleTranslation: Teoria da presença espacial: estado da arte e desafios pela frente\\
abstractTranslation: Ao longo das últimas décadas, a pesquisa gerou um corpo substancial de teoria sobre experiências de presença espacial. Este capítulo analisa algumas das explicações teóricas mais importantes. Primeiro, com base em noções oferecidas na literatura, o núcleo do construto será explicado: o que exatamente se entende pelo termo "presença espacial"? Segundo, são introduzidas visões teóricas sobre o “sentimento de estar lá” fornecido por diferentes pesquisadores de presença. Aspectos importantes e determinantes da presença espacial foram destacados no passado, como processos atencionais e cognição incorporada. No entanto, as estruturas teóricas coerentes são raras e pesquisas mais empíricas parecem necessárias para promover o entendimento teórico da presença espacial. O capítulo termina com uma visão geral sobre controvérsias recentes e tendências futuras na pesquisa de presença espacial.},
  file = {/Users/daltonreis/Zotero/storage/QSCRVZPT/Hartmann et al. - 2015 - Spatial Presence Theory State of the Art and Challenges Ahead.pdf}
}

@book{jeraldVRBookHumanCentered2015,
  title = {The {{VR Book}}: {{Human-Centered Design}} for {{Virtual Reality}}},
  shorttitle = {The {{VR Book}}},
  author = {Jerald, Jason},
  date = {2015-09},
  year = {2015},
  publisher = {{Association for Computing Machinery and Morgan \& Claypool}},
  abstract = {Virtual reality (VR) can provide our minds with direct access to digital media in a way that seemingly has no limits. However, creating compelling VR experiences is an incredibly complex challenge. When VR is done well, the results are brilliant and pleasurable experiences that go beyond what we can do in the real world. When VR is done badly, not only is the system frustrating to use, but it can result in sickness. There are many causes of bad VR; some failures come from the limitations of technology, but many come from a lack of understanding perception, interaction, design principles, and real users. This book discusses these issues by emphasizing the human element of VR. The fact is, if we do not get the human element correct, then no amount of technology will make VR anything more than an interesting tool confined to research laboratories. Even when VR principles are fully understood, the first implementation is rarely novel and almost never ideal due to the complex nature of VR and the countless possibilities that can be created. The VR principles discussed in this book will enable readers to intelligently experiment with the rules and iteratively design towards innovative experiences.},
  isbn = {978-1-970001-12-9},
  langid = {american},
  pagetotal = {635},
  annotation = {abstractTranslation: A Realidade Virtual (VR) pode fornecer ao nosso Minds acesso direto à mídia digital de uma maneira que aparentemente não tem limites. No entanto, a criação de experiências de RV atraente é um desafio incrivelmente complexo. Quando a VR é bem feita, os resultados são experiências brilhantes e agradáveis \hspace{0pt}\hspace{0pt}que vão além do que podemos fazer no mundo real. Quando a VR é feita mal, não apenas o sistema é frustrante de usar, mas pode resultar em doença. Existem muitas causas de VR ruim; Algumas falhas vêm das limitações da tecnologia, mas muitos vêm da falta de entendimento de percepção, interação, princípios de design e usuários reais. Este livro discute essas questões enfatizando o elemento humano da VR. O fato é que, se não formos corrigidos o elemento humano, nenhuma quantidade de tecnologia fará com que a VR seja mais do que uma ferramenta interessante confinada aos laboratórios de pesquisa. Mesmo quando os princípios da VR são totalmente compreendidos, a primeira implementação raramente é nova e quase nunca é ideal devido à natureza complexa da RV e às inúmeras possibilidades que podem ser criadas. Os princípios de VR discutidos neste livro permitirão que os leitores experimentem de forma inteligente as regras e projetarem iterativamente para experiências inovadoras.\\
titleTranslation: O livro VR: Design centrado em humanos para realidade virtual},
  file = {/Users/daltonreis/Zotero/storage/8A6XZH4E/Jerald - 2015 - The VR Book Human-Centered Design for Virtual Reality.pdf}
}

@incollection{kolevaPropertiesMixedReality1999,
  title = {The {{Properties}} of {{Mixed Reality Boundaries}}},
  booktitle = {{{ECSCW}}’ 99},
  author = {Koleva, Boriana and Benford, Steve and Greenhalgh, Chris},
  editor = {Bødker, Susanne and Schmidt, Kjeld},
  date = {1999},
  year = {1999},
  pages = {119--137},
  publisher = {Springer Netherlands},
  location = {Dordrecht},
  doi = {10.1007/978-94-011-4441-4_7},
  url = {http://link.springer.com/10.1007/978-94-011-4441-4_7},
  urldate = {2025-04-17},
  abstract = {Mixed reality boundaries establish transparent windows between physical and virtual spaces. We introduce a set of properties that allow such boundaries to be configured to support different styles of co-operative activity. These properties are grouped into three categories: permeability (properties of visibility, audibility and solidity); situation (properties of location, alignment, mobility and segmentation); and dynamics (properties of lifetime and configurability). We discuss how each of these properties can be technically realised. We also introduce the meta-properties of symmetry and representation. We then describe and compare two contrasting demonstrations, a performance and an office-door, that rely on different property configurations.},
  isbn = {978-0-7923-5948-7 978-94-011-4441-4},
  langid = {english},
  annotation = {titleTranslation: As propriedades dos limites da realidade mista\\
abstractTranslation: Os limites da realidade mista estabelecem janelas transparentes entre espaços físicos e virtuais. Introduzimos um conjunto de propriedades que permitem que esses limites sejam configurados para suportar diferentes estilos de atividade cooperativa. Essas propriedades são agrupadas em três categorias: permeabilidade (propriedades de visibilidade, audibilidade e solidez); situação (propriedades de localização, alinhamento, mobilidade e segmentação); e dinâmica (propriedades de vida e configuração). Discutimos como cada uma dessas propriedades pode ser tecnicamente realizada. Também apresentamos as meta-propriedades da simetria e representação. Em seguida, descrevemos e comparamos duas demonstrações contrastantes, uma performance e uma porta de escritório, que dependem de diferentes configurações de propriedades.},
  file = {/Users/daltonreis/Zotero/storage/3XLGZLT9/Koleva et al. - 1999 - The Properties of Mixed Reality Boundaries.pdf}
}

@article{laarniWaysMeasurePresence2015,
  title = {Ways to Measure Presence. {{Review}} and Future Directions},
  author = {Laarni, Jari and Ravaja, Niklas and Saari, T and Böcking, S and Hartmann, Tilo and Schramm, Holger},
  date = {2015-01-01},
  year = {2015},
  abstract = {Throughout the last decades, research has generated a substantial body of theory about Spatial Presence experiences. This chapter reviews some of the most important existing theoretical explications. First, building on notions offered in literature, the core of the construct will be explicated: what exactly is meant by the term “Spatial Presence”? Second, theoretical views on the “feeling of being there” provided by different Presence researchers are introduced. Important aspects and determinants of Spatial Presence have been highlighted in the past, such as attentional processes and embodied cognition. However, coherent theoretical frameworks are rare and more empirical research seems necessary to advance the theoretical understanding of Spatial Presence. The chapter concludes with an overview about recent controversies and future trends in Spatial Presence research.},
  langid = {american},
  annotation = {abstractTranslation: Ao longo das últimas décadas, a pesquisa gerou um corpo substancial de teoria sobre experiências de presença espacial. Este capítulo analisa algumas das explicações teóricas mais importantes. Primeiro, com base em noções oferecidas na literatura, o núcleo do construto será explicado: o que exatamente se entende pelo termo "presença espacial"? Segundo, são introduzidas visões teóricas sobre o “sentimento de estar lá” fornecido por diferentes pesquisadores de presença. Aspectos importantes e determinantes da presença espacial foram destacados no passado, como processos atencionais e cognição incorporada. No entanto, as estruturas teóricas coerentes são raras e pesquisas mais empíricas parecem necessárias para promover o entendimento teórico da presença espacial. O capítulo termina com uma visão geral sobre controvérsias recentes e tendências futuras na pesquisa de presença espacial.\\
titleTranslation: Maneiras de medir a presença. Revisão e direções futuras},
  file = {/Users/daltonreis/Zotero/storage/D8ZCTVEJ/Laarni et al. - 2015 - Ways to measure presence. Review and future directions.pdf}
}

@article{ranasingheDigitalLollipopStudying2016,
  title = {Digital {{Lollipop}}: {{Studying Electrical Stimulation}} on the {{Human Tongue}} to {{Simulate Taste Sensations}}},
  shorttitle = {Digital {{Lollipop}}},
  author = {Ranasinghe, Nimesha and Do, Ellen Yi-Luen},
  date = {2016-10-25},
  year = {2016},
  journaltitle = {ACM Trans. Multimedia Comput. Commun. Appl.},
  volume = {13},
  number = {1},
  pages = {5:1--5:22},
  issn = {1551-6857},
  doi = {10.1145/2996462},
  url = {https://doi.org/10.1145/2996462},
  urldate = {2025-05-02},
  abstract = {Among the five primary senses, the sense of taste is the least explored as a form of digital media applied in Human--Computer Interface. This article presents an experimental instrument, the Digital Lollipop, for digitally simulating the sensation of taste (gustation) by utilizing electrical stimulation on the human tongue. The system is capable of manipulating the properties of electric currents (magnitude, frequency, and polarity) to formulate different stimuli. To evaluate the effectiveness of this method, the system was experimentally tested in two studies. The first experiment was conducted using separate regions of the human tongue to record occurrences of basic taste sensations and their respective intensity levels. The results indicate occurrences of sour, salty, bitter, and sweet sensations from different regions of the tongue. One of the major discoveries of this experiment was that the sweet taste emerges via an inverse-current mechanism, which deserves further research in the future. The second study was conducted to compare natural and artificial (virtual) sour taste sensations and examine the possibility of effectively controlling the artificial sour taste at three intensity levels (mild, medium, and strong). The proposed method is attractive since it does not require any chemical solutions and facilitates further research opportunities in several directions including human--computer interaction, virtual reality, food and beverage, as well as medicine.},
  langid = {american},
  annotation = {titleTranslation: Lollipop digital: estudando estimulação elétrica na língua humana para simular sensações de paladar\\
abstractTranslation: Entre os cinco sentidos primários, o senso de paladar é o menos explorado como uma forma de mídia digital aplicada na interface humano-computadora. Este artigo apresenta um instrumento experimental, o Lollipop digital, para simular digitalmente a sensação do paladar (violação), utilizando a estimulação elétrica na língua humana. O sistema é capaz de manipular as propriedades das correntes elétricas (magnitude, frequência e polaridade) para formular diferentes estímulos. Para avaliar a eficácia desse método, o sistema foi testado experimentalmente em dois estudos. O primeiro experimento foi realizado usando regiões separadas da língua humana para registrar ocorrências de sensações básicas do paladar e seus respectivos níveis de intensidade. Os resultados indicam ocorrências de sensações azedas, salgadas, amargas e doces de diferentes regiões da língua. Uma das principais descobertas deste experimento foi que o sabor doce surge através de um mecanismo de corrente inversa, que merece mais pesquisas no futuro. O segundo estudo foi realizado para comparar sensações naturais e artificiais (virtuais) e examinar a possibilidade de controlar efetivamente o sabor azedo artificial em três níveis de intensidade (leve, médio e forte). O método proposto é atraente, pois não requer soluções químicas e facilita outras oportunidades de pesquisa em várias direções, incluindo interação humano-computador, realidade virtual, comida e bebida, além de medicina.},
  file = {/Users/daltonreis/Zotero/storage/ECHS2AVP/Ranasinghe e Do - 2016 - Digital Lollipop Studying Electrical Stimulation on the Human Tongue to Simulate Taste Sensations.pdf}
}

@article{ranasingheTongueMountedInterface2012,
  title = {Tongue {{Mounted Interface}} for {{Digitally Actuating}} the {{Sense}} of {{Taste}}},
  author = {Ranasinghe, Nimesha and Nakatsu, Ryohei and Nii, Hideaki and Gopalakrishnakone, Ponnampalam},
  date = {2012-06},
  year = {2012},
  journaltitle = {2012 16th International Symposium on Wearable Computers},
  pages = {80--87},
  publisher = {IEEE},
  location = {Newcastle, United Kingdom},
  doi = {10.1109/ISWC.2012.16},
  url = {http://ieeexplore.ieee.org/document/6246147/},
  urldate = {2025-05-02},
  abstract = {Most of the systems for generating taste sensations are based on blending different chemicals appropriately, and there are less proven approaches to stimulate the sense of taste digitally. In this paper, a method to digitally stimulate the sense of taste is introduced and demonstrated based on electrical and thermal stimulation on human tongue. Thus, two digital control systems are presented to control taste sensations and their intensities effectively on the tongue. The effects of most persuading factors such as current, frequency, and temperature have been accounted to noninvasively stimulate the tongue. The initial experimental results indicate that sour (strong), bitter (mild), and salty(mild) are the main sensations, which can be evoked while there are evidences of sweet sensation too. Based on the results of the Tongue Mounted Digital Taste Interface, we have then developed another system which named as the Digital Sour Lollipop to effectively control the sour taste digitally. Initial experimental results of this system show the controllability of sour taste up to three levels of intensities using the electrical stimulation on human tongue.},
  eventtitle = {2012 16th {{Annual International Symposium}} on {{Wearable Computers}} ({{ISWC}})},
  isbn = {9780769546971 9781467315838},
  langid = {american},
  annotation = {titleTranslation: Interface montada na língua para atuar digitalmente o senso de paladar\\
abstractTranslation: A maioria dos sistemas para gerar sensações de paladar é baseada na mistura de diferentes produtos químicos adequadamente, e há abordagens menos comprovadas para estimular o senso de sabor digitalmente. Neste artigo, um método para estimular digitalmente o senso de sabor é introduzido e demonstrado com base na estimulação elétrica e térmica na língua humana. Assim, dois sistemas de controle digital são apresentados para controlar as sensações do paladar e suas intensidades efetivamente na língua. Os efeitos da maioria dos fatores persuadidos, como corrente, frequência e temperatura, foram considerados para estimular a língua de forma não invasiva. Os resultados experimentais iniciais indicam que o azedo (forte), amargo (leve) e salgado (leve) são as principais sensações, que podem ser evocadas enquanto também existem evidências de sensação de doce. Com base nos resultados da interface de sabor digital montada na língua, desenvolvemos outro sistema que nomeou o Lollipop azedo digital para controlar efetivamente o sabor azedo digitalmente. Os resultados experimentais iniciais desse sistema mostram a controlabilidade do sabor azedo até três níveis de intensidade usando a estimulação elétrica na língua humana.},
  file = {/Users/daltonreis/Zotero/storage/BJQDXHKD/Ranasinghe et al. - 2012 - Tongue Mounted Interface for Digitally Actuating the Sense of Taste.pdf}
}

@article{ranasingheVirtualTasteDigital2023,
  title = {Virtual Taste: Digital Simulation of Taste Sensations via Electric, Thermal, and Hybrid Stimulations},
  shorttitle = {Virtual Taste},
  author = {Ranasinghe, Nimesha},
  date = {2023-12-12},
  year = {2023},
  journaltitle = {Multimedia Tools and Applications},
  shortjournal = {Multimedia Tools and Applications},
  volume = {83},
  pages = {1--32},
  doi = {10.1007/s11042-023-17690-y},
  abstract = {This paper introduces the Virtual Taste Interface, a digital control system that simulates the sensation of taste (gustation) on humans. Our approach studies electrical and thermal stimulation on the tip of the human tongue to produce different taste sensations. It consists of two modules: a control system and a specially designed separate module to attach to a user’s tongue. Several experimental studies were conducted with human participants based on 1) different properties of electrical stimulation such as the magnitude of current and frequency, 2) temperature change (heating and cooling), and 3) hybrid stimulation by combining both electrical and thermal stimulation. Experimental results show that the system successfully generates salty, sour, and bitter tastes among the five basic taste sensations (i.e., salty, sour, sweet, bitter, and umami). This approach deserves future investigation as the reported sensations show subjective results on a few occasions and to further study the evidence of actuating sweet taste through thermal stimulation. The novelty of this work primarily has three aspects: 1) studying the simulation and control of taste sensations achievable through the Virtual Taste Interface against the properties of electric current and change in temperature, 2) the methods of actuating taste sensations by electrical and thermal stimulation methods, either individually or in combination, and 3) the aim of introducing the human sense of taste as a digitally controllable media.},
  langid = {american},
  annotation = {titleTranslation: Gosto virtual: simulação digital de sensações de paladar via estimulações elétricas, térmicas e híbridas\\
abstractTranslation: Este artigo apresenta a interface do sabor virtual, um sistema de controle digital que simula a sensação do paladar (gustação) em humanos. Nossa abordagem estuda estimulação elétrica e térmica na ponta da língua humana para produzir diferentes sensações de paladar. Consiste em dois módulos: um sistema de controle e um módulo separado especialmente projetado para anexar à língua de um usuário. Vários estudos experimentais foram conduzidos com participantes humanos com base em 1) propriedades diferentes de estimulação elétrica, como a magnitude da corrente e a frequência, 2) mudança de temperatura (aquecimento e resfriamento) e 3) estimulação híbrida combinando a estimulação elétrica e térmica. Resultados experimentais mostram que o sistema gera com sucesso os gostos salgados, azedos e amargos entre as cinco sensações básicas do paladar (isto é, salgadas, azedas, doces, amargas e umami). Essa abordagem merece investigação futura, pois as sensações relatadas mostram resultados subjetivos em algumas ocasiões e para estudar ainda mais as evidências de um sabor doce por atuação por meio da estimulação térmica. A novidade deste trabalho possui principalmente três aspectos: 1) Estudando a simulação e o controle das sensações do paladar possível através da interface do sabor virtual contra as propriedades da corrente elétrica e a mudança de temperatura, 2) os métodos de atuação de sensações de paladar pela mídia elétrica e térmica, como um dos métodos de estimulação térmica, como um meio ou em combinação e 3) o objetivo da introdução do senso de bom gosto do bom gosto do bom gosto do bom gosto do bom gosto do bom gosto do bom gosto do bom gosto do bom gosto do bom gosto do bom gosto do bom gosto do bom gosto do bom gosto do bom gosto do bom gosto do bom gosto do bom gosto do bom gosto do bom gosto do bom gosto, o que é um dos meios de estimulação, o que é um dos meios de estimulação.},
  file = {/Users/daltonreis/Zotero/storage/QBSSK7ML/Ranasinghe - 2023 - Virtual taste digital simulation of taste sensations via electric, thermal, and hybrid stimulations.pdf}
}

@book{toriIntroducaoRealidadeVirtual2020,
  title = {Introdução a Realidade Virtual e Aumentada},
  author = {Tori, Romero and Hounsell, Marcelo da Silva},
  date = {2020-11-07},
  year = {2020},
  journaltitle = {Sociedade Brasileira de Computação},
  publisher = {Sociedade Brasileira de Computação},
  doi = {10.5753/sbc.6654.2},
  url = {https://books-sol.sbc.org.br/index.php/sbc/catalog/book/66},
  urldate = {2025-03-14},
  abstract = {Este livro foi elaborado pela Comissão Especial de Realidade Virtual - CE-RV da SBC (Sociedade Brasileira de Computação) para difundir os conhecimentos fundamentais das áreas de Realidade Virtual e Aumentada. Sua primeira versão foi apresentada durante o XX Simpósio de Realidade Virtual e Aumentada (SVR 2017), realizado em Gramado-RS. Agora em sua terceira edição, produzida para o SVR 2020, ganhou mais três capítulos, totalizando 22. Esta obra foi elaborada com a colaboração de vários autores, todos com larga experiência no desenvolvimento, pesquisa, ensino e aplicações de realidade virtual e aumentada, no Brasil e no exterior. São abordadas tecnologias, conceitos e aplicações, cobrindo desde origens e evolução até as mais recentes tendências e desafios, passando por conceitos básicos e avançados, hardware, software e aplicações em diferentes áreas.},
  isbn = {978-65-87003-54-2},
  langid = {portuguese},
  keywords = {Realidade Virtual,Virtual Reality},
  file = {/Users/daltonreis/Zotero/storage/Y7FV25C5/Tori e Hounsell - 2020 - Introdução a Realidade Virtual e Aumentada.pdf}
}
